@book{zsiga2024sounds,
  title = {The sounds of language: an introduction to phonetics and phonology},
  author = {Zsiga, Elizabeth C},
  year = {2024},
  edition = {2nd},
  publisher = {John Wiley \& Sons},
  address = {Hoboken, NJ},
}

@book{Barnier2023,
  title = {Introduction à R et au tidyverse},
  author = {Barnier, Julien},
  year = {2023},
}

@article{tidyverse,
  title = {Welcome to the {tidyverse}},
  author = {Hadley Wickham and Mara Averick and Jennifer Bryan and Winston Cha
            ng and Lucy D'Agostino McGowan and Romain François and Garrett
            Grolemund and Ale x Hayes and Lionel Henry and Jim Hester and Max
            Kuhn and Thomas Lin Pedersen and Evan Miller and Stephan Milton Bache
            and Kirill Müller and Jeroen Ooms and Davi d Robinson and Dana Paige
            Seidel and Vitalie Spinu and Kohske Takahashi and Davi s Vaughan and
            Claus Wilke and Kara Woo and Hiroaki Yutani},
  year = {2019},
  journal = {Journal of Open Source Software},
  volume = {4},
  number = {43},
  pages = {1686},
  doi = {10.21105/joss.01686},
}

