# Votre bibliothèque de références :

@book{Barnier2023,
  title = {Introduction à R et au tidyverse},
  author = {Barnier, Julien},
  year = {2023},
}
